<record><leader>00000cas a22000007a 4500</leader><controlfield tag="001">12487420</controlfield><controlfield tag="008">850904d19841984iauwr ne      0    0eng d</controlfield><datafield ind1=" " ind2=" " tag="010"><subfield code="a">sn 85049764 </subfield></datafield><datafield ind1=" " ind2=" " tag="040"><subfield code="a">INP</subfield><subfield code="b">eng</subfield><subfield code="c">INP</subfield><subfield code="d">OCLCQ</subfield></datafield><datafield ind1=" " ind2=" " tag="042"><subfield code="a">msc</subfield></datafield><datafield ind1="0" ind2="4" tag="245"><subfield code="a">The Weekly planet.</subfield></datafield><datafield ind1=" " ind2=" " tag="260"><subfield code="a">Mount Vernon, Iowa :</subfield><subfield code="b">[D. Ehl],</subfield><subfield code="c">1984.</subfield></datafield><datafield ind1=" " ind2=" " tag="300"><subfield code="a">1 v. :</subfield><subfield code="b">ill. ;</subfield><subfield code="c">44 cm.</subfield></datafield><datafield ind1=" " ind2=" " tag="310"><subfield code="a">Weekly</subfield></datafield><datafield ind1="0" ind2=" " tag="362"><subfield code="a">Vol. 1, no. 1 (Apr. 3, 1984)-v. 1, issue 18 (July 31, 1984).</subfield></datafield><datafield ind1=" " ind2=" " tag="500"><subfield code="a">Editor: Dan Ehl.</subfield></datafield><datafield ind1=" " ind2=" " tag="515"><subfield code="a">Vol. 1, issue 3 (Apr. 17, 1984) misnumbered Vol. 1, issue 2.</subfield></datafield><datafield ind1=" " ind2=" " tag="588"><subfield code="a">Description based on: Vol. 1, issue 6 (May 8, 1984).</subfield></datafield><datafield ind1=" " ind2=" " tag="752"><subfield code="a">United States</subfield><subfield code="b">Iowa</subfield><subfield code="c">Linn</subfield><subfield code="d">Mount Vernon.</subfield></datafield><datafield ind1="1" ind2=" " tag="029"><subfield code="a">AU@</subfield><subfield code="b">000025784704</subfield></datafield></record>